<?xml version="1.0" encoding="UTF-8"?><collection xmlns="http://www.loc.gov/MARC21/slim"><record><leader>00444nam--2200181-i-4500</leader><controlfield tag="001">000024670</controlfield><controlfield tag="002">20161230</controlfield><controlfield tag="005">20161230201035</controlfield><controlfield tag="008">060222s1000------------r-----000-0-rus-d</controlfield><datafield ind1=" " ind2=" " tag="040"><subfield code="a">IFIN-HH</subfield></datafield><datafield ind1=" " ind2=" " tag="041"><subfield code="a">rus</subfield></datafield><datafield ind1=" " ind2=" " tag="080"><subfield code="a">538.91</subfield></datafield><datafield ind1="1" ind2=" " tag="100"><subfield code="a">Krilovoi, I.V</subfield></datafield><datafield ind1="1" ind2="0" tag="245"><subfield code="a">Ekzoelektronnaia emissia</subfield><subfield code="c">I.v. krilovoi</subfield></datafield><datafield ind1=" " ind2=" " tag="260"><subfield code="a">Moskva</subfield><subfield code="b">Inoatrannoi Literaturi</subfield><subfield code="c">1962</subfield></datafield><datafield ind1=" " ind2=" " tag="300"><subfield code="a">306P</subfield></datafield><datafield ind1=" " ind2=" " tag="852"><subfield code="a">78448</subfield><subfield code="c">539.21</subfield></datafield><datafield ind1=" " ind2=" " tag="CAT"><subfield code="a">Sys</subfield><subfield code="c">20121206</subfield><subfield code="h">175258</subfield></datafield></record></collection>